%YAML 1.1
%TAG !u! tag:unity3d.com,2011:
--- !u!95 &8996148263594044403
Animator:
  serializedVersion: 3
  m_ObjectHideFlags: 0
  m_CorrespondingSourceObject: {fileID: 0}
  m_PrefabInstance: {fileID: 0}
  m_PrefabAsset: {fileID: 0}
  m_GameObject: {fileID: 844202845732204438}
  m_Enabled: 1
  m_Avatar: {fileID: 9000000, guid: 0f46ea10c838e5b4383fbf00f5f244bf, type: 3}
  m_Controller: {fileID: 0}
  m_CullingMode: 0
  m_UpdateMode: 0
  m_ApplyRootMotion: 0
  m_LinearVelocityBlending: 0
  m_WarningMessage: 
  m_HasTransformHierarchy: 1
  m_AllowConstantClipSamplingOptimization: 1
  m_KeepAnimatorControllerStateOnDisable: 0
--- !u!65 &4242121045194932825
BoxCollider:
  m_ObjectHideFlags: 0
  m_CorrespondingSourceObject: {fileID: 0}
  m_PrefabInstance: {fileID: 0}
  m_PrefabAsset: {fileID: 0}
  m_GameObject: {fileID: 4276289734834279587}
  m_Material: {fileID: 0}
  m_IsTrigger: 0
  m_Enabled: 1
  serializedVersion: 2
  m_Size: {x: 0.14379646, y: 1.985242, z: 1.1155192}
  m_Center: {x: -0.047288246, y: 1.0117226, z: 0.53488094}
--- !u!65 &5766142011361513691
BoxCollider:
  m_ObjectHideFlags: 0
  m_CorrespondingSourceObject: {fileID: 0}
  m_PrefabInstance: {fileID: 0}
  m_PrefabAsset: {fileID: 0}
  m_GameObject: {fileID: 4276289734834279587}
  m_Material: {fileID: 0}
  m_IsTrigger: 0
  m_Enabled: 1
  serializedVersion: 2
  m_Size: {x: 0.14379646, y: 1.985242, z: 1.1155192}
  m_Center: {x: -0.047288246, y: 1.0117226, z: 0.53488094}
--- !u!95 &2729644617027548414
Animator:
  serializedVersion: 3
  m_ObjectHideFlags: 0
  m_CorrespondingSourceObject: {fileID: 0}
  m_PrefabInstance: {fileID: 0}
  m_PrefabAsset: {fileID: 0}
  m_GameObject: {fileID: 4276289734834279587}
  m_Enabled: 1
  m_Avatar: {fileID: 9000000, guid: 31d1481709d1f04498e69bd3464337f3, type: 3}
  m_Controller: {fileID: 0}
  m_CullingMode: 0
  m_UpdateMode: 0
  m_ApplyRootMotion: 0
  m_LinearVelocityBlending: 0
  m_WarningMessage: 
  m_HasTransformHierarchy: 1
  m_AllowConstantClipSamplingOptimization: 1
  m_KeepAnimatorControllerStateOnDisable: 0
--- !u!95 &6564492138977357665
Animator:
  serializedVersion: 3
  m_ObjectHideFlags: 0
  m_CorrespondingSourceObject: {fileID: 0}
  m_PrefabInstance: {fileID: 0}
  m_PrefabAsset: {fileID: 0}
  m_GameObject: {fileID: 5229984629015037799}
  m_Enabled: 1
  m_Avatar: {fileID: 9000000, guid: be5619e2308acf949bdc1018c521fc5d, type: 3}
  m_Controller: {fileID: 0}
  m_CullingMode: 0
  m_UpdateMode: 0
  m_ApplyRootMotion: 0
  m_LinearVelocityBlending: 0
  m_WarningMessage: 
  m_HasTransformHierarchy: 1
  m_AllowConstantClipSamplingOptimization: 1
  m_KeepAnimatorControllerStateOnDisable: 0
--- !u!65 &5941679812712486139
BoxCollider:
  m_ObjectHideFlags: 0
  m_CorrespondingSourceObject: {fileID: 0}
  m_PrefabInstance: {fileID: 0}
  m_PrefabAsset: {fileID: 0}
  m_GameObject: {fileID: 8997525423938908627}
  m_Material: {fileID: 0}
  m_IsTrigger: 0
  m_Enabled: 1
  serializedVersion: 2
  m_Size: {x: 0.23884964, y: 3.345014, z: 0.41437662}
  m_Center: {x: -0.119693756, y: 1.669434, z: -1.992859}
--- !u!65 &4056640295015287125
BoxCollider:
  m_ObjectHideFlags: 0
  m_CorrespondingSourceObject: {fileID: 0}
  m_PrefabInstance: {fileID: 0}
  m_PrefabAsset: {fileID: 0}
  m_GameObject: {fileID: 8997525423938908627}
  m_Material: {fileID: 0}
  m_IsTrigger: 0
  m_Enabled: 1
  serializedVersion: 2
  m_Size: {x: 0.27358672, y: 3.345014, z: 0.52257204}
  m_Center: {x: -0.102324486, y: 1.6694341, z: -0.4612828}
--- !u!95 &1103873154461160020
Animator:
  serializedVersion: 3
  m_ObjectHideFlags: 0
  m_CorrespondingSourceObject: {fileID: 0}
  m_PrefabInstance: {fileID: 0}
  m_PrefabAsset: {fileID: 0}
  m_GameObject: {fileID: 8997525423938908627}
  m_Enabled: 1
  m_Avatar: {fileID: 9000000, guid: ea54e08ec4f8fca4f9b1eb1f0f16fa56, type: 3}
  m_Controller: {fileID: 0}
  m_CullingMode: 0
  m_UpdateMode: 0
  m_ApplyRootMotion: 0
  m_LinearVelocityBlending: 0
  m_WarningMessage: 
  m_HasTransformHierarchy: 1
  m_AllowConstantClipSamplingOptimization: 1
  m_KeepAnimatorControllerStateOnDisable: 0
--- !u!65 &5227973681916829880
BoxCollider:
  m_ObjectHideFlags: 0
  m_CorrespondingSourceObject: {fileID: 0}
  m_PrefabInstance: {fileID: 0}
  m_PrefabAsset: {fileID: 0}
  m_GameObject: {fileID: 7459583967269422489}
  m_Material: {fileID: 0}
  m_IsTrigger: 0
  m_Enabled: 1
  serializedVersion: 2
  m_Size: {x: 0.2753119, y: 3.3450146, z: 1.395961}
  m_Center: {x: -0.10318756, y: 1.6694345, z: -0.6928006}
--- !u!65 &6853135238858337909
BoxCollider:
  m_ObjectHideFlags: 0
  m_CorrespondingSourceObject: {fileID: 0}
  m_PrefabInstance: {fileID: 0}
  m_PrefabAsset: {fileID: 0}
  m_GameObject: {fileID: 7459583967269422489}
  m_Material: {fileID: 0}
  m_IsTrigger: 0
  m_Enabled: 1
  serializedVersion: 2
  m_Size: {x: 0.2753119, y: 3.3450146, z: 1.4985554}
  m_Center: {x: -0.10318756, y: 1.6694344, z: -3.2507648}
--- !u!95 &1585285785095309533
Animator:
  serializedVersion: 3
  m_ObjectHideFlags: 0
  m_CorrespondingSourceObject: {fileID: 0}
  m_PrefabInstance: {fileID: 0}
  m_PrefabAsset: {fileID: 0}
  m_GameObject: {fileID: 7459583967269422489}
  m_Enabled: 1
  m_Avatar: {fileID: 9000000, guid: 38f513c3742df0b4cbcf0796a1ddd9d0, type: 3}
  m_Controller: {fileID: 0}
  m_CullingMode: 0
  m_UpdateMode: 0
  m_ApplyRootMotion: 0
  m_LinearVelocityBlending: 0
  m_WarningMessage: 
  m_HasTransformHierarchy: 1
  m_AllowConstantClipSamplingOptimization: 1
  m_KeepAnimatorControllerStateOnDisable: 0
--- !u!65 &4492744515964404141
BoxCollider:
  m_ObjectHideFlags: 0
  m_CorrespondingSourceObject: {fileID: 0}
  m_PrefabInstance: {fileID: 0}
  m_PrefabAsset: {fileID: 0}
  m_GameObject: {fileID: 2195231035503411235}
  m_Material: {fileID: 0}
  m_IsTrigger: 0
  m_Enabled: 1
  serializedVersion: 2
  m_Size: {x: 2, y: 0.0020413399, z: 1.9999998}
  m_Center: {x: 1, y: 0.0010191958, z: -1}
--- !u!95 &8807419114746904959
Animator:
  serializedVersion: 3
  m_ObjectHideFlags: 0
  m_CorrespondingSourceObject: {fileID: 0}
  m_PrefabInstance: {fileID: 0}
  m_PrefabAsset: {fileID: 0}
  m_GameObject: {fileID: 2195231035503411235}
  m_Enabled: 1
  m_Avatar: {fileID: 9000000, guid: 6478a7311e01d0e4da1dd08f02d46d46, type: 3}
  m_Controller: {fileID: 0}
  m_CullingMode: 0
  m_UpdateMode: 0
  m_ApplyRootMotion: 0
  m_LinearVelocityBlending: 0
  m_WarningMessage: 
  m_HasTransformHierarchy: 1
  m_AllowConstantClipSamplingOptimization: 1
  m_KeepAnimatorControllerStateOnDisable: 0
--- !u!65 &2283158584706349843
BoxCollider:
  m_ObjectHideFlags: 0
  m_CorrespondingSourceObject: {fileID: 0}
  m_PrefabInstance: {fileID: 0}
  m_PrefabAsset: {fileID: 0}
  m_GameObject: {fileID: 1732493833407881903}
  m_Material: {fileID: 0}
  m_IsTrigger: 0
  m_Enabled: 1
  serializedVersion: 2
  m_Size: {x: 2, y: 0.0020413399, z: 1.9999998}
  m_Center: {x: 1, y: 0.0010191958, z: -1}
--- !u!95 &8950876680791253610
Animator:
  serializedVersion: 3
  m_ObjectHideFlags: 0
  m_CorrespondingSourceObject: {fileID: 0}
  m_PrefabInstance: {fileID: 0}
  m_PrefabAsset: {fileID: 0}
  m_GameObject: {fileID: 1732493833407881903}
  m_Enabled: 1
  m_Avatar: {fileID: 9000000, guid: 6478a7311e01d0e4da1dd08f02d46d46, type: 3}
  m_Controller: {fileID: 0}
  m_CullingMode: 0
  m_UpdateMode: 0
  m_ApplyRootMotion: 0
  m_LinearVelocityBlending: 0
  m_WarningMessage: 
  m_HasTransformHierarchy: 1
  m_AllowConstantClipSamplingOptimization: 1
  m_KeepAnimatorControllerStateOnDisable: 0
--- !u!65 &4534399063753054593
BoxCollider:
  m_ObjectHideFlags: 0
  m_CorrespondingSourceObject: {fileID: 0}
  m_PrefabInstance: {fileID: 0}
  m_PrefabAsset: {fileID: 0}
  m_GameObject: {fileID: 3280719391035161298}
  m_Material: {fileID: 0}
  m_IsTrigger: 0
  m_Enabled: 1
  serializedVersion: 2
  m_Size: {x: 2, y: 0.0020413399, z: 1.9999998}
  m_Center: {x: 1, y: 0.0010191958, z: -1}
--- !u!95 &6565963236740150653
Animator:
  serializedVersion: 3
  m_ObjectHideFlags: 0
  m_CorrespondingSourceObject: {fileID: 0}
  m_PrefabInstance: {fileID: 0}
  m_PrefabAsset: {fileID: 0}
  m_GameObject: {fileID: 3280719391035161298}
  m_Enabled: 1
  m_Avatar: {fileID: 9000000, guid: 6478a7311e01d0e4da1dd08f02d46d46, type: 3}
  m_Controller: {fileID: 0}
  m_CullingMode: 0
  m_UpdateMode: 0
  m_ApplyRootMotion: 0
  m_LinearVelocityBlending: 0
  m_WarningMessage: 
  m_HasTransformHierarchy: 1
  m_AllowConstantClipSamplingOptimization: 1
  m_KeepAnimatorControllerStateOnDisable: 0
--- !u!65 &5461774944091195126
BoxCollider:
  m_ObjectHideFlags: 0
  m_CorrespondingSourceObject: {fileID: 0}
  m_PrefabInstance: {fileID: 0}
  m_PrefabAsset: {fileID: 0}
  m_GameObject: {fileID: 2078447477358545140}
  m_Material: {fileID: 0}
  m_IsTrigger: 0
  m_Enabled: 1
  serializedVersion: 2
  m_Size: {x: 6, y: 0.007984757, z: 6}
  m_Center: {x: 3, y: 0.003989565, z: -3}
--- !u!95 &1583971611516123734
Animator:
  serializedVersion: 3
  m_ObjectHideFlags: 0
  m_CorrespondingSourceObject: {fileID: 0}
  m_PrefabInstance: {fileID: 0}
  m_PrefabAsset: {fileID: 0}
  m_GameObject: {fileID: 2078447477358545140}
  m_Enabled: 1
  m_Avatar: {fileID: 9000000, guid: 6478a7311e01d0e4da1dd08f02d46d46, type: 3}
  m_Controller: {fileID: 0}
  m_CullingMode: 0
  m_UpdateMode: 0
  m_ApplyRootMotion: 0
  m_LinearVelocityBlending: 0
  m_WarningMessage: 
  m_HasTransformHierarchy: 1
  m_AllowConstantClipSamplingOptimization: 1
  m_KeepAnimatorControllerStateOnDisable: 0
--- !u!95 &9017738321702293661
Animator:
  serializedVersion: 3
  m_ObjectHideFlags: 0
  m_CorrespondingSourceObject: {fileID: 0}
  m_PrefabInstance: {fileID: 0}
  m_PrefabAsset: {fileID: 0}
  m_GameObject: {fileID: 518486567612589368}
  m_Enabled: 1
  m_Avatar: {fileID: 9000000, guid: ac8cbc539fac3194691afe3202081320, type: 3}
  m_Controller: {fileID: 0}
  m_CullingMode: 0
  m_UpdateMode: 0
  m_ApplyRootMotion: 0
  m_LinearVelocityBlending: 0
  m_WarningMessage: 
  m_HasTransformHierarchy: 1
  m_AllowConstantClipSamplingOptimization: 1
  m_KeepAnimatorControllerStateOnDisable: 0
--- !u!95 &8099160663707652582
Animator:
  serializedVersion: 3
  m_ObjectHideFlags: 0
  m_CorrespondingSourceObject: {fileID: 0}
  m_PrefabInstance: {fileID: 0}
  m_PrefabAsset: {fileID: 0}
  m_GameObject: {fileID: 1448654675698417219}
  m_Enabled: 1
  m_Avatar: {fileID: 9000000, guid: ac8cbc539fac3194691afe3202081320, type: 3}
  m_Controller: {fileID: 0}
  m_CullingMode: 0
  m_UpdateMode: 0
  m_ApplyRootMotion: 0
  m_LinearVelocityBlending: 0
  m_WarningMessage: 
  m_HasTransformHierarchy: 1
  m_AllowConstantClipSamplingOptimization: 1
  m_KeepAnimatorControllerStateOnDisable: 0
--- !u!65 &3883941285778853084
BoxCollider:
  m_ObjectHideFlags: 0
  m_CorrespondingSourceObject: {fileID: 0}
  m_PrefabInstance: {fileID: 0}
  m_PrefabAsset: {fileID: 0}
  m_GameObject: {fileID: 6989561848363090857}
  m_Material: {fileID: 0}
  m_IsTrigger: 0
  m_Enabled: 1
  serializedVersion: 2
  m_Size: {x: 0.20000091, y: 3.3419414, z: 2.0000513}
  m_Center: {x: -0.100000456, y: 1.6709707, z: -0.99999994}
--- !u!95 &2636105857917608602
Animator:
  serializedVersion: 3
  m_ObjectHideFlags: 0
  m_CorrespondingSourceObject: {fileID: 0}
  m_PrefabInstance: {fileID: 0}
  m_PrefabAsset: {fileID: 0}
  m_GameObject: {fileID: 6989561848363090857}
  m_Enabled: 1
  m_Avatar: {fileID: 9000000, guid: bd013cbd31778d9428443d211e6a2238, type: 3}
  m_Controller: {fileID: 0}
  m_CullingMode: 0
  m_UpdateMode: 0
  m_ApplyRootMotion: 0
  m_LinearVelocityBlending: 0
  m_WarningMessage: 
  m_HasTransformHierarchy: 1
  m_AllowConstantClipSamplingOptimization: 1
  m_KeepAnimatorControllerStateOnDisable: 0
--- !u!65 &2460777732317723835
BoxCollider:
  m_ObjectHideFlags: 0
  m_CorrespondingSourceObject: {fileID: 0}
  m_PrefabInstance: {fileID: 0}
  m_PrefabAsset: {fileID: 0}
  m_GameObject: {fileID: 3695519196547783050}
  m_Material: {fileID: 0}
  m_IsTrigger: 0
  m_Enabled: 1
  serializedVersion: 2
  m_Size: {x: 0.20000091, y: 3.3419414, z: 2.0000513}
  m_Center: {x: -0.100000456, y: 1.6709707, z: -0.99999994}
--- !u!95 &4847050120677101863
Animator:
  serializedVersion: 3
  m_ObjectHideFlags: 0
  m_CorrespondingSourceObject: {fileID: 0}
  m_PrefabInstance: {fileID: 0}
  m_PrefabAsset: {fileID: 0}
  m_GameObject: {fileID: 3695519196547783050}
  m_Enabled: 1
  m_Avatar: {fileID: 9000000, guid: bd013cbd31778d9428443d211e6a2238, type: 3}
  m_Controller: {fileID: 0}
  m_CullingMode: 0
  m_UpdateMode: 0
  m_ApplyRootMotion: 0
  m_LinearVelocityBlending: 0
  m_WarningMessage: 
  m_HasTransformHierarchy: 1
  m_AllowConstantClipSamplingOptimization: 1
  m_KeepAnimatorControllerStateOnDisable: 0
--- !u!65 &8812612150921024281
BoxCollider:
  m_ObjectHideFlags: 0
  m_CorrespondingSourceObject: {fileID: 0}
  m_PrefabInstance: {fileID: 0}
  m_PrefabAsset: {fileID: 0}
  m_GameObject: {fileID: 5611444007559193430}
  m_Material: {fileID: 0}
  m_IsTrigger: 0
  m_Enabled: 1
  serializedVersion: 2
  m_Size: {x: 0.20000091, y: 3.3419414, z: 4.0000505}
  m_Center: {x: -0.100000456, y: 1.6709707, z: -1.9999995}
--- !u!95 &4334004039532853052
Animator:
  serializedVersion: 3
  m_ObjectHideFlags: 0
  m_CorrespondingSourceObject: {fileID: 0}
  m_PrefabInstance: {fileID: 0}
  m_PrefabAsset: {fileID: 0}
  m_GameObject: {fileID: 5611444007559193430}
  m_Enabled: 1
  m_Avatar: {fileID: 9000000, guid: bff97138249d2fc49ade3d8e6f5bb3b0, type: 3}
  m_Controller: {fileID: 0}
  m_CullingMode: 0
  m_UpdateMode: 0
  m_ApplyRootMotion: 0
  m_LinearVelocityBlending: 0
  m_WarningMessage: 
  m_HasTransformHierarchy: 1
  m_AllowConstantClipSamplingOptimization: 1
  m_KeepAnimatorControllerStateOnDisable: 0
--- !u!65 &10608179932124051
BoxCollider:
  m_ObjectHideFlags: 0
  m_CorrespondingSourceObject: {fileID: 0}
  m_PrefabInstance: {fileID: 0}
  m_PrefabAsset: {fileID: 0}
  m_GameObject: {fileID: 7790579051021539582}
  m_Material: {fileID: 0}
  m_IsTrigger: 0
  m_Enabled: 1
  serializedVersion: 2
  m_Size: {x: 0.19764319, y: 3.3419418, z: 2.0000267}
  m_Center: {x: 0.09878523, y: 1.6709709, z: -1.0000135}
--- !u!65 &5471444181011134568
BoxCollider:
  m_ObjectHideFlags: 0
  m_CorrespondingSourceObject: {fileID: 0}
  m_PrefabInstance: {fileID: 0}
  m_PrefabAsset: {fileID: 0}
  m_GameObject: {fileID: 7790579051021539582}
  m_Material: {fileID: 0}
  m_IsTrigger: 0
  m_Enabled: 1
  serializedVersion: 2
  m_Size: {x: 2.0000262, y: 3.3419418, z: 0.2063156}
  m_Center: {x: 1.0000134, y: 1.6709709, z: -0.1031077}
--- !u!95 &5513330994399712924
Animator:
  serializedVersion: 3
  m_ObjectHideFlags: 0
  m_CorrespondingSourceObject: {fileID: 0}
  m_PrefabInstance: {fileID: 0}
  m_PrefabAsset: {fileID: 0}
  m_GameObject: {fileID: 7790579051021539582}
  m_Enabled: 1
  m_Avatar: {fileID: 9000000, guid: d67ec2090a630c14c990b124e3406495, type: 3}
  m_Controller: {fileID: 0}
  m_CullingMode: 0
  m_UpdateMode: 0
  m_ApplyRootMotion: 0
  m_LinearVelocityBlending: 0
  m_WarningMessage: 
  m_HasTransformHierarchy: 1
  m_AllowConstantClipSamplingOptimization: 1
  m_KeepAnimatorControllerStateOnDisable: 0
--- !u!65 &2505471579932319144
BoxCollider:
  m_ObjectHideFlags: 0
  m_CorrespondingSourceObject: {fileID: 0}
  m_PrefabInstance: {fileID: 0}
  m_PrefabAsset: {fileID: 0}
  m_GameObject: {fileID: 6280065618503833336}
  m_Material: {fileID: 0}
  m_IsTrigger: 0
  m_Enabled: 1
  serializedVersion: 2
  m_Size: {x: 0.19764319, y: 3.3419418, z: 2.0000267}
  m_Center: {x: 0.09878523, y: 1.6709709, z: -1.0000135}
--- !u!65 &5380937903702441276
BoxCollider:
  m_ObjectHideFlags: 0
  m_CorrespondingSourceObject: {fileID: 0}
  m_PrefabInstance: {fileID: 0}
  m_PrefabAsset: {fileID: 0}
  m_GameObject: {fileID: 6280065618503833336}
  m_Material: {fileID: 0}
  m_IsTrigger: 0
  m_Enabled: 1
  serializedVersion: 2
  m_Size: {x: 2.0000262, y: 3.3419418, z: 0.2063156}
  m_Center: {x: 1.0000134, y: 1.6709709, z: -0.1031077}
--- !u!95 &2240922027815180896
Animator:
  serializedVersion: 3
  m_ObjectHideFlags: 0
  m_CorrespondingSourceObject: {fileID: 0}
  m_PrefabInstance: {fileID: 0}
  m_PrefabAsset: {fileID: 0}
  m_GameObject: {fileID: 6280065618503833336}
  m_Enabled: 1
  m_Avatar: {fileID: 9000000, guid: d67ec2090a630c14c990b124e3406495, type: 3}
  m_Controller: {fileID: 0}
  m_CullingMode: 0
  m_UpdateMode: 0
  m_ApplyRootMotion: 0
  m_LinearVelocityBlending: 0
  m_WarningMessage: 
  m_HasTransformHierarchy: 1
  m_AllowConstantClipSamplingOptimization: 1
  m_KeepAnimatorControllerStateOnDisable: 0
--- !u!65 &3508506133568445194
BoxCollider:
  m_ObjectHideFlags: 0
  m_CorrespondingSourceObject: {fileID: 0}
  m_PrefabInstance: {fileID: 0}
  m_PrefabAsset: {fileID: 0}
  m_GameObject: {fileID: 2913343093692991383}
  m_Material: {fileID: 0}
  m_IsTrigger: 0
  m_Enabled: 1
  serializedVersion: 2
  m_Size: {x: 2.0000262, y: 3.3419418, z: 0.2063156}
  m_Center: {x: 1.0000134, y: 1.6709709, z: -0.1031077}
--- !u!65 &196319599440849679
BoxCollider:
  m_ObjectHideFlags: 0
  m_CorrespondingSourceObject: {fileID: 0}
  m_PrefabInstance: {fileID: 0}
  m_PrefabAsset: {fileID: 0}
  m_GameObject: {fileID: 2913343093692991383}
  m_Material: {fileID: 0}
  m_IsTrigger: 0
  m_Enabled: 1
  serializedVersion: 2
  m_Size: {x: 0.19764319, y: 3.3419418, z: 2.0000267}
  m_Center: {x: 0.09878523, y: 1.6709709, z: -1.0000135}
--- !u!95 &479122698695040091
Animator:
  serializedVersion: 3
  m_ObjectHideFlags: 0
  m_CorrespondingSourceObject: {fileID: 0}
  m_PrefabInstance: {fileID: 0}
  m_PrefabAsset: {fileID: 0}
  m_GameObject: {fileID: 2913343093692991383}
  m_Enabled: 1
  m_Avatar: {fileID: 9000000, guid: d67ec2090a630c14c990b124e3406495, type: 3}
  m_Controller: {fileID: 0}
  m_CullingMode: 0
  m_UpdateMode: 0
  m_ApplyRootMotion: 0
  m_LinearVelocityBlending: 0
  m_WarningMessage: 
  m_HasTransformHierarchy: 1
  m_AllowConstantClipSamplingOptimization: 1
  m_KeepAnimatorControllerStateOnDisable: 0
--- !u!65 &1929288792510849963
BoxCollider:
  m_ObjectHideFlags: 0
  m_CorrespondingSourceObject: {fileID: 0}
  m_PrefabInstance: {fileID: 0}
  m_PrefabAsset: {fileID: 0}
  m_GameObject: {fileID: 1438931072182913691}
  m_Material: {fileID: 0}
  m_IsTrigger: 0
  m_Enabled: 1
  serializedVersion: 2
  m_Size: {x: 2.0000262, y: 3.3419418, z: 0.2063156}
  m_Center: {x: 1.0000134, y: 1.6709709, z: -0.1031077}
--- !u!65 &7867204856053566808
BoxCollider:
  m_ObjectHideFlags: 0
  m_CorrespondingSourceObject: {fileID: 0}
  m_PrefabInstance: {fileID: 0}
  m_PrefabAsset: {fileID: 0}
  m_GameObject: {fileID: 1438931072182913691}
  m_Material: {fileID: 0}
  m_IsTrigger: 0
  m_Enabled: 1
  serializedVersion: 2
  m_Size: {x: 0.19764319, y: 3.3419418, z: 2.0000267}
  m_Center: {x: 0.09878523, y: 1.6709709, z: -1.0000135}
--- !u!95 &5696813229876693506
Animator:
  serializedVersion: 3
  m_ObjectHideFlags: 0
  m_CorrespondingSourceObject: {fileID: 0}
  m_PrefabInstance: {fileID: 0}
  m_PrefabAsset: {fileID: 0}
  m_GameObject: {fileID: 1438931072182913691}
  m_Enabled: 1
  m_Avatar: {fileID: 9000000, guid: d67ec2090a630c14c990b124e3406495, type: 3}
  m_Controller: {fileID: 0}
  m_CullingMode: 0
  m_UpdateMode: 0
  m_ApplyRootMotion: 0
  m_LinearVelocityBlending: 0
  m_WarningMessage: 
  m_HasTransformHierarchy: 1
  m_AllowConstantClipSamplingOptimization: 1
  m_KeepAnimatorControllerStateOnDisable: 0
--- !u!65 &1498978547755555072
BoxCollider:
  m_ObjectHideFlags: 0
  m_CorrespondingSourceObject: {fileID: 0}
  m_PrefabInstance: {fileID: 0}
  m_PrefabAsset: {fileID: 0}
  m_GameObject: {fileID: 2974980835838434867}
  m_Material: {fileID: 0}
  m_IsTrigger: 0
  m_Enabled: 1
  serializedVersion: 2
  m_Size: {x: 0.27273256, y: 3.3419414, z: 4.0000396}
  m_Center: {x: -0.10072418, y: 1.6709707, z: -1.9999998}
--- !u!95 &3383333422258128852
Animator:
  serializedVersion: 3
  m_ObjectHideFlags: 0
  m_CorrespondingSourceObject: {fileID: 0}
  m_PrefabInstance: {fileID: 0}
  m_PrefabAsset: {fileID: 0}
  m_GameObject: {fileID: 2974980835838434867}
  m_Enabled: 1
  m_Avatar: {fileID: 9000000, guid: d75d5a587a69eb441b4a499d5ce20a4d, type: 3}
  m_Controller: {fileID: 0}
  m_CullingMode: 0
  m_UpdateMode: 0
  m_ApplyRootMotion: 0
  m_LinearVelocityBlending: 0
  m_WarningMessage: 
  m_HasTransformHierarchy: 1
  m_AllowConstantClipSamplingOptimization: 1
  m_KeepAnimatorControllerStateOnDisable: 0
--- !u!1001 &9141001758182835857
PrefabInstance:
  m_ObjectHideFlags: 0
  serializedVersion: 2
  m_Modification:
    m_TransformParent: {fileID: 0}
    m_Modifications:
    - target: {fileID: -8679921383154817045, guid: 1ccdf912003b0d04185664640e5d65c3, type: 3}
      propertyPath: m_RootOrder
      value: 0
      objectReference: {fileID: 0}
    - target: {fileID: -8679921383154817045, guid: 1ccdf912003b0d04185664640e5d65c3, type: 3}
      propertyPath: m_LocalPosition.x
      value: -14.431395
      objectReference: {fileID: 0}
    - target: {fileID: -8679921383154817045, guid: 1ccdf912003b0d04185664640e5d65c3, type: 3}
      propertyPath: m_LocalPosition.y
      value: 9.107668
      objectReference: {fileID: 0}
    - target: {fileID: -8679921383154817045, guid: 1ccdf912003b0d04185664640e5d65c3, type: 3}
      propertyPath: m_LocalPosition.z
      value: 2.923674
      objectReference: {fileID: 0}
    - target: {fileID: -8679921383154817045, guid: 1ccdf912003b0d04185664640e5d65c3, type: 3}
      propertyPath: m_LocalRotation.w
      value: 1
      objectReference: {fileID: 0}
    - target: {fileID: -8679921383154817045, guid: 1ccdf912003b0d04185664640e5d65c3, type: 3}
      propertyPath: m_LocalRotation.x
      value: 0
      objectReference: {fileID: 0}
    - target: {fileID: -8679921383154817045, guid: 1ccdf912003b0d04185664640e5d65c3, type: 3}
      propertyPath: m_LocalRotation.y
      value: 0
      objectReference: {fileID: 0}
    - target: {fileID: -8679921383154817045, guid: 1ccdf912003b0d04185664640e5d65c3, type: 3}
      propertyPath: m_LocalRotation.z
      value: 0
      objectReference: {fileID: 0}
    - target: {fileID: -8679921383154817045, guid: 1ccdf912003b0d04185664640e5d65c3, type: 3}
      propertyPath: m_LocalEulerAnglesHint.x
      value: 0
      objectReference: {fileID: 0}
    - target: {fileID: -8679921383154817045, guid: 1ccdf912003b0d04185664640e5d65c3, type: 3}
      propertyPath: m_LocalEulerAnglesHint.y
      value: 0
      objectReference: {fileID: 0}
    - target: {fileID: -8679921383154817045, guid: 1ccdf912003b0d04185664640e5d65c3, type: 3}
      propertyPath: m_LocalEulerAnglesHint.z
      value: 0
      objectReference: {fileID: 0}
    - target: {fileID: -7900655689456879749, guid: 1ccdf912003b0d04185664640e5d65c3, type: 3}
      propertyPath: m_Materials.Array.data[0]
      value: 
      objectReference: {fileID: 7726911036396583739, guid: 9271ecea8a65e6449bbf681c10edd9c4, type: 3}
    - target: {fileID: -7870340566556828049, guid: 1ccdf912003b0d04185664640e5d65c3, type: 3}
      propertyPath: m_StaticEditorFlags
      value: 4294967295
      objectReference: {fileID: 0}
    - target: {fileID: -7678834567605031987, guid: 1ccdf912003b0d04185664640e5d65c3, type: 3}
      propertyPath: m_Materials.Array.data[0]
      value: 
      objectReference: {fileID: 2100000, guid: e84b9596d31668248829c0e7724d2fb1, type: 2}
    - target: {fileID: -7678834567605031987, guid: 1ccdf912003b0d04185664640e5d65c3, type: 3}
      propertyPath: m_SelectedEditorRenderState
      value: 2
      objectReference: {fileID: 0}
    - target: {fileID: -7253547180951759766, guid: 1ccdf912003b0d04185664640e5d65c3, type: 3}
      propertyPath: m_Materials.Array.data[0]
      value: 
      objectReference: {fileID: 2100000, guid: bb97f6a482c3f445abe0d9daa718b8df, type: 2}
    - target: {fileID: -7253547180951759766, guid: 1ccdf912003b0d04185664640e5d65c3, type: 3}
      propertyPath: m_SelectedEditorRenderState
      value: 2
      objectReference: {fileID: 0}
    - target: {fileID: -7051311198763252424, guid: 1ccdf912003b0d04185664640e5d65c3, type: 3}
      propertyPath: m_StaticEditorFlags
      value: 4294967295
      objectReference: {fileID: 0}
    - target: {fileID: -6986796724672154661, guid: 1ccdf912003b0d04185664640e5d65c3, type: 3}
      propertyPath: m_Materials.Array.data[0]
      value: 
      objectReference: {fileID: 2100000, guid: bb97f6a482c3f445abe0d9daa718b8df, type: 2}
    - target: {fileID: -6986796724672154661, guid: 1ccdf912003b0d04185664640e5d65c3, type: 3}
      propertyPath: m_SelectedEditorRenderState
      value: 2
      objectReference: {fileID: 0}
    - target: {fileID: -6348179453565453399, guid: 1ccdf912003b0d04185664640e5d65c3, type: 3}
      propertyPath: m_Materials.Array.data[0]
      value: 
      objectReference: {fileID: 2100000, guid: 09aa649e5b4f4be40a90997ec5c305a9, type: 2}
    - target: {fileID: -6348179453565453399, guid: 1ccdf912003b0d04185664640e5d65c3, type: 3}
      propertyPath: m_SelectedEditorRenderState
      value: 2
      objectReference: {fileID: 0}
    - target: {fileID: -5806991979320696468, guid: 1ccdf912003b0d04185664640e5d65c3, type: 3}
      propertyPath: m_Materials.Array.data[0]
      value: 
      objectReference: {fileID: 2100000, guid: e84b9596d31668248829c0e7724d2fb1, type: 2}
    - target: {fileID: -5806991979320696468, guid: 1ccdf912003b0d04185664640e5d65c3, type: 3}
      propertyPath: m_Materials.Array.data[1]
      value: 
      objectReference: {fileID: 2100000, guid: 91b7cb53b0ae7054fafcca63f92cf5a4, type: 2}
    - target: {fileID: -5806991979320696468, guid: 1ccdf912003b0d04185664640e5d65c3, type: 3}
      propertyPath: m_Materials.Array.data[2]
      value: 
      objectReference: {fileID: 2100000, guid: f6b67203808630f4ab131a5705aea6e8, type: 2}
    - target: {fileID: -5806991979320696468, guid: 1ccdf912003b0d04185664640e5d65c3, type: 3}
      propertyPath: m_SelectedEditorRenderState
      value: 2
      objectReference: {fileID: 0}
    - target: {fileID: -5127081870462804821, guid: 1ccdf912003b0d04185664640e5d65c3, type: 3}
      propertyPath: m_Materials.Array.data[0]
      value: 
      objectReference: {fileID: 2100000, guid: bb97f6a482c3f445abe0d9daa718b8df, type: 2}
    - target: {fileID: -5127081870462804821, guid: 1ccdf912003b0d04185664640e5d65c3, type: 3}
      propertyPath: m_SelectedEditorRenderState
      value: 2
      objectReference: {fileID: 0}
    - target: {fileID: -4808713031613224239, guid: 1ccdf912003b0d04185664640e5d65c3, type: 3}
      propertyPath: m_Range
      value: 1.9921503
      objectReference: {fileID: 0}
    - target: {fileID: -4808713031613224239, guid: 1ccdf912003b0d04185664640e5d65c3, type: 3}
      propertyPath: m_Shadows.m_Strength
      value: 0
      objectReference: {fileID: 0}
    - target: {fileID: -4536074008054325197, guid: 1ccdf912003b0d04185664640e5d65c3, type: 3}
      propertyPath: m_Materials.Array.data[0]
      value: 
      objectReference: {fileID: 2100000, guid: e84b9596d31668248829c0e7724d2fb1, type: 2}
    - target: {fileID: -4536074008054325197, guid: 1ccdf912003b0d04185664640e5d65c3, type: 3}
      propertyPath: m_Materials.Array.data[1]
      value: 
      objectReference: {fileID: 2100000, guid: 7819e0de7c3e11840aeacdf329cfcc96, type: 2}
    - target: {fileID: -4536074008054325197, guid: 1ccdf912003b0d04185664640e5d65c3, type: 3}
      propertyPath: m_Materials.Array.data[2]
      value: 
      objectReference: {fileID: 2100000, guid: 91b7cb53b0ae7054fafcca63f92cf5a4, type: 2}
    - target: {fileID: -4536074008054325197, guid: 1ccdf912003b0d04185664640e5d65c3, type: 3}
      propertyPath: m_SelectedEditorRenderState
      value: 2
      objectReference: {fileID: 0}
    - target: {fileID: -3633767681474453733, guid: 1ccdf912003b0d04185664640e5d65c3, type: 3}
      propertyPath: m_StaticEditorFlags
      value: 4294967295
      objectReference: {fileID: 0}
    - target: {fileID: -3537661938055279715, guid: 1ccdf912003b0d04185664640e5d65c3, type: 3}
      propertyPath: m_Materials.Array.data[0]
      value: 
      objectReference: {fileID: 2100000, guid: 09aa649e5b4f4be40a90997ec5c305a9, type: 2}
    - target: {fileID: -3537661938055279715, guid: 1ccdf912003b0d04185664640e5d65c3, type: 3}
      propertyPath: m_SelectedEditorRenderState
      value: 2
      objectReference: {fileID: 0}
    - target: {fileID: -2975442629956927226, guid: 1ccdf912003b0d04185664640e5d65c3, type: 3}
      propertyPath: m_StaticEditorFlags
      value: 4294967295
      objectReference: {fileID: 0}
    - target: {fileID: -2912427977832588115, guid: 1ccdf912003b0d04185664640e5d65c3, type: 3}
      propertyPath: m_Materials.Array.data[0]
      value: 
      objectReference: {fileID: 2100000, guid: 09aa649e5b4f4be40a90997ec5c305a9, type: 2}
    - target: {fileID: -2912427977832588115, guid: 1ccdf912003b0d04185664640e5d65c3, type: 3}
      propertyPath: m_SelectedEditorRenderState
      value: 2
      objectReference: {fileID: 0}
    - target: {fileID: -2304447384649851251, guid: 1ccdf912003b0d04185664640e5d65c3, type: 3}
      propertyPath: m_Materials.Array.data[0]
      value: 
      objectReference: {fileID: 2100000, guid: bb97f6a482c3f445abe0d9daa718b8df, type: 2}
    - target: {fileID: -2304447384649851251, guid: 1ccdf912003b0d04185664640e5d65c3, type: 3}
      propertyPath: m_SelectedEditorRenderState
      value: 2
      objectReference: {fileID: 0}
    - target: {fileID: -2160746657133179291, guid: 1ccdf912003b0d04185664640e5d65c3, type: 3}
      propertyPath: m_StaticEditorFlags
      value: 4294967295
      objectReference: {fileID: 0}
    - target: {fileID: -1814861191493622722, guid: 1ccdf912003b0d04185664640e5d65c3, type: 3}
      propertyPath: m_StaticEditorFlags
      value: 4294967295
      objectReference: {fileID: 0}
    - target: {fileID: -1530665963823564590, guid: 1ccdf912003b0d04185664640e5d65c3, type: 3}
      propertyPath: m_StaticEditorFlags
      value: 4294967295
      objectReference: {fileID: 0}
    - target: {fileID: -1384204763181030381, guid: 1ccdf912003b0d04185664640e5d65c3, type: 3}
      propertyPath: m_Materials.Array.size
      value: 5
      objectReference: {fileID: 0}
    - target: {fileID: -1384204763181030381, guid: 1ccdf912003b0d04185664640e5d65c3, type: 3}
      propertyPath: m_Materials.Array.data[0]
      value: 
      objectReference: {fileID: 2100000, guid: e84b9596d31668248829c0e7724d2fb1, type: 2}
    - target: {fileID: -1384204763181030381, guid: 1ccdf912003b0d04185664640e5d65c3, type: 3}
      propertyPath: m_Materials.Array.data[1]
      value: 
      objectReference: {fileID: 2100000, guid: 91b7cb53b0ae7054fafcca63f92cf5a4, type: 2}
    - target: {fileID: -1384204763181030381, guid: 1ccdf912003b0d04185664640e5d65c3, type: 3}
      propertyPath: m_Materials.Array.data[2]
      value: 
      objectReference: {fileID: 2100000, guid: 4341ba99b08573f49bcb9d16f6f35c8d, type: 2}
    - target: {fileID: -1384204763181030381, guid: 1ccdf912003b0d04185664640e5d65c3, type: 3}
      propertyPath: m_Materials.Array.data[3]
      value: 
      objectReference: {fileID: 2100000, guid: 91b7cb53b0ae7054fafcca63f92cf5a4, type: 2}
    - target: {fileID: -1384204763181030381, guid: 1ccdf912003b0d04185664640e5d65c3, type: 3}
      propertyPath: m_Materials.Array.data[4]
      value: 
      objectReference: {fileID: 2100000, guid: 7819e0de7c3e11840aeacdf329cfcc96, type: 2}
    - target: {fileID: -1384204763181030381, guid: 1ccdf912003b0d04185664640e5d65c3, type: 3}
      propertyPath: m_SelectedEditorRenderState
      value: 2
      objectReference: {fileID: 0}
    - target: {fileID: -911639930356992813, guid: 1ccdf912003b0d04185664640e5d65c3, type: 3}
      propertyPath: m_Materials.Array.data[0]
      value: 
      objectReference: {fileID: 2100000, guid: e84b9596d31668248829c0e7724d2fb1, type: 2}
    - target: {fileID: -911639930356992813, guid: 1ccdf912003b0d04185664640e5d65c3, type: 3}
      propertyPath: m_Materials.Array.data[1]
      value: 
      objectReference: {fileID: 2100000, guid: 7819e0de7c3e11840aeacdf329cfcc96, type: 2}
    - target: {fileID: -911639930356992813, guid: 1ccdf912003b0d04185664640e5d65c3, type: 3}
      propertyPath: m_Materials.Array.data[2]
      value: 
      objectReference: {fileID: 2100000, guid: 91b7cb53b0ae7054fafcca63f92cf5a4, type: 2}
    - target: {fileID: -911639930356992813, guid: 1ccdf912003b0d04185664640e5d65c3, type: 3}
      propertyPath: m_SelectedEditorRenderState
      value: 2
      objectReference: {fileID: 0}
    - target: {fileID: -762116962623395577, guid: 1ccdf912003b0d04185664640e5d65c3, type: 3}
      propertyPath: m_StaticEditorFlags
      value: 4294967295
      objectReference: {fileID: 0}
    - target: {fileID: -558176299161737460, guid: 1ccdf912003b0d04185664640e5d65c3, type: 3}
      propertyPath: m_Materials.Array.data[0]
      value: 
      objectReference: {fileID: 58401122181539038, guid: 59306e030443ea54bbd05634c06d3cd8, type: 3}
    - target: {fileID: -438726701343988823, guid: 1ccdf912003b0d04185664640e5d65c3, type: 3}
      propertyPath: m_StaticEditorFlags
      value: 4294967295
      objectReference: {fileID: 0}
    - target: {fileID: -416006875269703126, guid: 1ccdf912003b0d04185664640e5d65c3, type: 3}
      propertyPath: m_Materials.Array.data[0]
      value: 
      objectReference: {fileID: 2100000, guid: e84b9596d31668248829c0e7724d2fb1, type: 2}
    - target: {fileID: -416006875269703126, guid: 1ccdf912003b0d04185664640e5d65c3, type: 3}
      propertyPath: m_SelectedEditorRenderState
      value: 2
      objectReference: {fileID: 0}
    - target: {fileID: -172531010220177708, guid: 1ccdf912003b0d04185664640e5d65c3, type: 3}
      propertyPath: m_Materials.Array.data[0]
      value: 
      objectReference: {fileID: 2100000, guid: e84b9596d31668248829c0e7724d2fb1, type: 2}
    - target: {fileID: -172531010220177708, guid: 1ccdf912003b0d04185664640e5d65c3, type: 3}
      propertyPath: m_Materials.Array.data[1]
      value: 
      objectReference: {fileID: 2100000, guid: 1e08713007b8ea149b0fce1d60710a41, type: 2}
    - target: {fileID: -172531010220177708, guid: 1ccdf912003b0d04185664640e5d65c3, type: 3}
      propertyPath: m_Materials.Array.data[2]
      value: 
      objectReference: {fileID: 2100000, guid: 91b7cb53b0ae7054fafcca63f92cf5a4, type: 2}
    - target: {fileID: -172531010220177708, guid: 1ccdf912003b0d04185664640e5d65c3, type: 3}
      propertyPath: m_SelectedEditorRenderState
      value: 2
      objectReference: {fileID: 0}
    - target: {fileID: 57194626338505356, guid: 1ccdf912003b0d04185664640e5d65c3, type: 3}
      propertyPath: m_Materials.Array.data[0]
      value: 
      objectReference: {fileID: 2100000, guid: bb97f6a482c3f445abe0d9daa718b8df, type: 2}
    - target: {fileID: 57194626338505356, guid: 1ccdf912003b0d04185664640e5d65c3, type: 3}
      propertyPath: m_SelectedEditorRenderState
      value: 2
      objectReference: {fileID: 0}
    - target: {fileID: 146082322840106818, guid: 1ccdf912003b0d04185664640e5d65c3, type: 3}
      propertyPath: m_StaticEditorFlags
      value: 4294967295
      objectReference: {fileID: 0}
    - target: {fileID: 919132149155446097, guid: 1ccdf912003b0d04185664640e5d65c3, type: 3}
      propertyPath: m_Name
      value: Ward 4
      objectReference: {fileID: 0}
    - target: {fileID: 1693880450885811532, guid: 1ccdf912003b0d04185664640e5d65c3, type: 3}
      propertyPath: m_Materials.Array.data[0]
      value: 
      objectReference: {fileID: 2100000, guid: e84b9596d31668248829c0e7724d2fb1, type: 2}
    - target: {fileID: 1693880450885811532, guid: 1ccdf912003b0d04185664640e5d65c3, type: 3}
      propertyPath: m_Materials.Array.data[1]
      value: 
      objectReference: {fileID: 2100000, guid: 91b7cb53b0ae7054fafcca63f92cf5a4, type: 2}
    - target: {fileID: 1693880450885811532, guid: 1ccdf912003b0d04185664640e5d65c3, type: 3}
      propertyPath: m_Materials.Array.data[2]
      value: 
      objectReference: {fileID: 2100000, guid: 4341ba99b08573f49bcb9d16f6f35c8d, type: 2}
    - target: {fileID: 1693880450885811532, guid: 1ccdf912003b0d04185664640e5d65c3, type: 3}
      propertyPath: m_SelectedEditorRenderState
      value: 2
      objectReference: {fileID: 0}
    - target: {fileID: 1828066391228318472, guid: 1ccdf912003b0d04185664640e5d65c3, type: 3}
      propertyPath: m_StaticEditorFlags
      value: 4294967295
      objectReference: {fileID: 0}
    - target: {fileID: 1883646740589236521, guid: 1ccdf912003b0d04185664640e5d65c3, type: 3}
      propertyPath: m_Shadows.m_Strength
      value: 0
      objectReference: {fileID: 0}
    - target: {fileID: 2378075524143748337, guid: 1ccdf912003b0d04185664640e5d65c3, type: 3}
      propertyPath: m_CastShadows
      value: 0
      objectReference: {fileID: 0}
    - target: {fileID: 2378075524143748337, guid: 1ccdf912003b0d04185664640e5d65c3, type: 3}
      propertyPath: m_Materials.Array.data[0]
      value: 
      objectReference: {fileID: 2100000, guid: 6f5eb4aec3bfa3b4a9c2782530595a4f, type: 2}
    - target: {fileID: 2378075524143748337, guid: 1ccdf912003b0d04185664640e5d65c3, type: 3}
      propertyPath: m_Materials.Array.data[1]
      value: 
      objectReference: {fileID: 2100000, guid: 7951e6d16d368f347ba374b94c558b41, type: 2}
    - target: {fileID: 2378075524143748337, guid: 1ccdf912003b0d04185664640e5d65c3, type: 3}
      propertyPath: m_SelectedEditorRenderState
      value: 2
      objectReference: {fileID: 0}
    - target: {fileID: 3025322473880359017, guid: 1ccdf912003b0d04185664640e5d65c3, type: 3}
      propertyPath: m_StaticEditorFlags
      value: 4294967295
      objectReference: {fileID: 0}
    - target: {fileID: 3054232849714003940, guid: 1ccdf912003b0d04185664640e5d65c3, type: 3}
      propertyPath: m_CastShadows
      value: 0
      objectReference: {fileID: 0}
    - target: {fileID: 3054232849714003940, guid: 1ccdf912003b0d04185664640e5d65c3, type: 3}
      propertyPath: m_Materials.Array.data[0]
      value: 
      objectReference: {fileID: 2100000, guid: 6f5eb4aec3bfa3b4a9c2782530595a4f, type: 2}
    - target: {fileID: 3054232849714003940, guid: 1ccdf912003b0d04185664640e5d65c3, type: 3}
      propertyPath: m_Materials.Array.data[1]
      value: 
      objectReference: {fileID: 2100000, guid: 7951e6d16d368f347ba374b94c558b41, type: 2}
    - target: {fileID: 3054232849714003940, guid: 1ccdf912003b0d04185664640e5d65c3, type: 3}
      propertyPath: m_SelectedEditorRenderState
      value: 2
      objectReference: {fileID: 0}
    - target: {fileID: 3179661812464521917, guid: 1ccdf912003b0d04185664640e5d65c3, type: 3}
      propertyPath: m_Materials.Array.data[0]
      value: 
      objectReference: {fileID: 2100000, guid: e84b9596d31668248829c0e7724d2fb1, type: 2}
    - target: {fileID: 3179661812464521917, guid: 1ccdf912003b0d04185664640e5d65c3, type: 3}
      propertyPath: m_SelectedEditorRenderState
      value: 2
      objectReference: {fileID: 0}
    - target: {fileID: 3265777843468552739, guid: 1ccdf912003b0d04185664640e5d65c3, type: 3}
      propertyPath: m_Materials.Array.data[0]
      value: 
      objectReference: {fileID: 2100000, guid: 6eb08f3eebaa7c94382e868cb2459085, type: 2}
    - target: {fileID: 3265777843468552739, guid: 1ccdf912003b0d04185664640e5d65c3, type: 3}
      propertyPath: m_SelectedEditorRenderState
      value: 2
      objectReference: {fileID: 0}
    - target: {fileID: 3351451530088986055, guid: 1ccdf912003b0d04185664640e5d65c3, type: 3}
      propertyPath: m_Materials.Array.data[0]
      value: 
      objectReference: {fileID: 2100000, guid: e84b9596d31668248829c0e7724d2fb1, type: 2}
    - target: {fileID: 3351451530088986055, guid: 1ccdf912003b0d04185664640e5d65c3, type: 3}
      propertyPath: m_Materials.Array.data[1]
      value: 
      objectReference: {fileID: 2100000, guid: 91b7cb53b0ae7054fafcca63f92cf5a4, type: 2}
    - target: {fileID: 3351451530088986055, guid: 1ccdf912003b0d04185664640e5d65c3, type: 3}
      propertyPath: m_Materials.Array.data[2]
      value: 
      objectReference: {fileID: 2100000, guid: 7819e0de7c3e11840aeacdf329cfcc96, type: 2}
    - target: {fileID: 3351451530088986055, guid: 1ccdf912003b0d04185664640e5d65c3, type: 3}
      propertyPath: m_Materials.Array.data[3]
      value: 
      objectReference: {fileID: 2100000, guid: 1e08713007b8ea149b0fce1d60710a41, type: 2}
    - target: {fileID: 3351451530088986055, guid: 1ccdf912003b0d04185664640e5d65c3, type: 3}
      propertyPath: m_SelectedEditorRenderState
      value: 2
      objectReference: {fileID: 0}
    - target: {fileID: 3676210748976719303, guid: 1ccdf912003b0d04185664640e5d65c3, type: 3}
      propertyPath: m_StaticEditorFlags
      value: 4294967295
      objectReference: {fileID: 0}
    - target: {fileID: 3913627962477658614, guid: 1ccdf912003b0d04185664640e5d65c3, type: 3}
      propertyPath: m_StaticEditorFlags
      value: 4294967295
      objectReference: {fileID: 0}
    - target: {fileID: 4974009751817276260, guid: 1ccdf912003b0d04185664640e5d65c3, type: 3}
      propertyPath: m_Materials.Array.data[0]
      value: 
      objectReference: {fileID: 2100000, guid: e84b9596d31668248829c0e7724d2fb1, type: 2}
    - target: {fileID: 4974009751817276260, guid: 1ccdf912003b0d04185664640e5d65c3, type: 3}
      propertyPath: m_SelectedEditorRenderState
      value: 2
      objectReference: {fileID: 0}
    - target: {fileID: 5008902674008494642, guid: 1ccdf912003b0d04185664640e5d65c3, type: 3}
      propertyPath: m_StaticEditorFlags
      value: 4294967295
      objectReference: {fileID: 0}
    - target: {fileID: 5248355505225939529, guid: 1ccdf912003b0d04185664640e5d65c3, type: 3}
      propertyPath: m_Materials.Array.data[0]
      value: 
      objectReference: {fileID: 2100000, guid: 469749f0c25c8064bad85f5e9f477551, type: 2}
    - target: {fileID: 5248355505225939529, guid: 1ccdf912003b0d04185664640e5d65c3, type: 3}
      propertyPath: m_SelectedEditorRenderState
      value: 2
      objectReference: {fileID: 0}
    - target: {fileID: 5311309656189489618, guid: 1ccdf912003b0d04185664640e5d65c3, type: 3}
      propertyPath: m_Materials.Array.data[0]
      value: 
      objectReference: {fileID: 2100000, guid: 1d6ca81f31e2645409e11495b080b293, type: 2}
    - target: {fileID: 5311309656189489618, guid: 1ccdf912003b0d04185664640e5d65c3, type: 3}
      propertyPath: m_SelectedEditorRenderState
      value: 2
      objectReference: {fileID: 0}
    - target: {fileID: 5641306481583638660, guid: 1ccdf912003b0d04185664640e5d65c3, type: 3}
      propertyPath: m_CastShadows
      value: 0
      objectReference: {fileID: 0}
    - target: {fileID: 5641306481583638660, guid: 1ccdf912003b0d04185664640e5d65c3, type: 3}
      propertyPath: m_Materials.Array.data[0]
      value: 
      objectReference: {fileID: 2100000, guid: 6f5eb4aec3bfa3b4a9c2782530595a4f, type: 2}
    - target: {fileID: 5641306481583638660, guid: 1ccdf912003b0d04185664640e5d65c3, type: 3}
      propertyPath: m_Materials.Array.data[1]
      value: 
      objectReference: {fileID: 2100000, guid: 7951e6d16d368f347ba374b94c558b41, type: 2}
    - target: {fileID: 5641306481583638660, guid: 1ccdf912003b0d04185664640e5d65c3, type: 3}
      propertyPath: m_SelectedEditorRenderState
      value: 2
      objectReference: {fileID: 0}
    - target: {fileID: 6006720316495592515, guid: 1ccdf912003b0d04185664640e5d65c3, type: 3}
      propertyPath: m_StaticEditorFlags
      value: 4294967295
      objectReference: {fileID: 0}
    - target: {fileID: 6182265709163649775, guid: 1ccdf912003b0d04185664640e5d65c3, type: 3}
      propertyPath: m_Materials.Array.data[0]
      value: 
      objectReference: {fileID: 2100000, guid: bb97f6a482c3f445abe0d9daa718b8df, type: 2}
    - target: {fileID: 6182265709163649775, guid: 1ccdf912003b0d04185664640e5d65c3, type: 3}
      propertyPath: m_SelectedEditorRenderState
      value: 2
      objectReference: {fileID: 0}
    - target: {fileID: 6197183174973961846, guid: 1ccdf912003b0d04185664640e5d65c3, type: 3}
      propertyPath: m_Materials.Array.data[0]
      value: 
      objectReference: {fileID: 2100000, guid: e84b9596d31668248829c0e7724d2fb1, type: 2}
    - target: {fileID: 6197183174973961846, guid: 1ccdf912003b0d04185664640e5d65c3, type: 3}
      propertyPath: m_Materials.Array.data[1]
      value: 
      objectReference: {fileID: 2100000, guid: f6b67203808630f4ab131a5705aea6e8, type: 2}
    - target: {fileID: 6197183174973961846, guid: 1ccdf912003b0d04185664640e5d65c3, type: 3}
      propertyPath: m_Materials.Array.data[2]
      value: 
      objectReference: {fileID: 2100000, guid: 91b7cb53b0ae7054fafcca63f92cf5a4, type: 2}
    - target: {fileID: 6197183174973961846, guid: 1ccdf912003b0d04185664640e5d65c3, type: 3}
      propertyPath: m_SelectedEditorRenderState
      value: 2
      objectReference: {fileID: 0}
    - target: {fileID: 6310138893560387746, guid: 1ccdf912003b0d04185664640e5d65c3, type: 3}
      propertyPath: m_StaticEditorFlags
      value: 4294967295
      objectReference: {fileID: 0}
    - target: {fileID: 6632616928398577748, guid: 1ccdf912003b0d04185664640e5d65c3, type: 3}
      propertyPath: m_CastShadows
      value: 0
      objectReference: {fileID: 0}
    - target: {fileID: 6632616928398577748, guid: 1ccdf912003b0d04185664640e5d65c3, type: 3}
      propertyPath: m_Materials.Array.data[0]
      value: 
      objectReference: {fileID: 2100000, guid: 6f5eb4aec3bfa3b4a9c2782530595a4f, type: 2}
    - target: {fileID: 6632616928398577748, guid: 1ccdf912003b0d04185664640e5d65c3, type: 3}
      propertyPath: m_Materials.Array.data[1]
      value: 
      objectReference: {fileID: 2100000, guid: 7951e6d16d368f347ba374b94c558b41, type: 2}
    - target: {fileID: 6632616928398577748, guid: 1ccdf912003b0d04185664640e5d65c3, type: 3}
      propertyPath: m_SelectedEditorRenderState
      value: 2
      objectReference: {fileID: 0}
    - target: {fileID: 6731317771301364146, guid: 1ccdf912003b0d04185664640e5d65c3, type: 3}
      propertyPath: m_Materials.Array.data[0]
      value: 
      objectReference: {fileID: 2100000, guid: e84b9596d31668248829c0e7724d2fb1, type: 2}
    - target: {fileID: 6731317771301364146, guid: 1ccdf912003b0d04185664640e5d65c3, type: 3}
      propertyPath: m_Materials.Array.data[1]
      value: 
      objectReference: {fileID: 2100000, guid: 2a41d168f5ad55d449417c0f351b0ee4, type: 2}
    - target: {fileID: 6731317771301364146, guid: 1ccdf912003b0d04185664640e5d65c3, type: 3}
      propertyPath: m_Materials.Array.data[2]
      value: 
      objectReference: {fileID: 2100000, guid: 91b7cb53b0ae7054fafcca63f92cf5a4, type: 2}
    - target: {fileID: 6731317771301364146, guid: 1ccdf912003b0d04185664640e5d65c3, type: 3}
      propertyPath: m_SelectedEditorRenderState
      value: 2
      objectReference: {fileID: 0}
    - target: {fileID: 6966042040604657330, guid: 1ccdf912003b0d04185664640e5d65c3, type: 3}
      propertyPath: m_StaticEditorFlags
      value: 4294967295
      objectReference: {fileID: 0}
    - target: {fileID: 7140705451089852239, guid: 1ccdf912003b0d04185664640e5d65c3, type: 3}
      propertyPath: m_Materials.Array.data[0]
      value: 
      objectReference: {fileID: 2100000, guid: e84b9596d31668248829c0e7724d2fb1, type: 2}
    - target: {fileID: 7140705451089852239, guid: 1ccdf912003b0d04185664640e5d65c3, type: 3}
      propertyPath: m_Materials.Array.data[1]
      value: 
      objectReference: {fileID: 2100000, guid: f6b67203808630f4ab131a5705aea6e8, type: 2}
    - target: {fileID: 7140705451089852239, guid: 1ccdf912003b0d04185664640e5d65c3, type: 3}
      propertyPath: m_Materials.Array.data[2]
      value: 
      objectReference: {fileID: 2100000, guid: 7819e0de7c3e11840aeacdf329cfcc96, type: 2}
    - target: {fileID: 7140705451089852239, guid: 1ccdf912003b0d04185664640e5d65c3, type: 3}
      propertyPath: m_Materials.Array.data[3]
      value: 
      objectReference: {fileID: 2100000, guid: 91b7cb53b0ae7054fafcca63f92cf5a4, type: 2}
    - target: {fileID: 7140705451089852239, guid: 1ccdf912003b0d04185664640e5d65c3, type: 3}
      propertyPath: m_SelectedEditorRenderState
      value: 2
      objectReference: {fileID: 0}
    - target: {fileID: 7322928048023173581, guid: 1ccdf912003b0d04185664640e5d65c3, type: 3}
      propertyPath: m_Materials.Array.data[0]
      value: 
      objectReference: {fileID: 2100000, guid: a19d0c6f55cd2fc4a8d2004be1f5bea3, type: 2}
    - target: {fileID: 7322928048023173581, guid: 1ccdf912003b0d04185664640e5d65c3, type: 3}
      propertyPath: m_SelectedEditorRenderState
      value: 2
      objectReference: {fileID: 0}
    - target: {fileID: 7864200315535985674, guid: 1ccdf912003b0d04185664640e5d65c3, type: 3}
      propertyPath: m_StaticEditorFlags
      value: 4294967295
      objectReference: {fileID: 0}
    - target: {fileID: 8030509337897960140, guid: 1ccdf912003b0d04185664640e5d65c3, type: 3}
      propertyPath: m_Materials.Array.data[0]
      value: 
      objectReference: {fileID: 2100000, guid: bb97f6a482c3f445abe0d9daa718b8df, type: 2}
    - target: {fileID: 8030509337897960140, guid: 1ccdf912003b0d04185664640e5d65c3, type: 3}
      propertyPath: m_SelectedEditorRenderState
      value: 2
      objectReference: {fileID: 0}
    - target: {fileID: 8404929817886426056, guid: 1ccdf912003b0d04185664640e5d65c3, type: 3}
      propertyPath: m_Materials.Array.data[0]
      value: 
      objectReference: {fileID: 2100000, guid: bb97f6a482c3f445abe0d9daa718b8df, type: 2}
    - target: {fileID: 8404929817886426056, guid: 1ccdf912003b0d04185664640e5d65c3, type: 3}
      propertyPath: m_SelectedEditorRenderState
      value: 2
      objectReference: {fileID: 0}
    - target: {fileID: 8727192264064845696, guid: 1ccdf912003b0d04185664640e5d65c3, type: 3}
      propertyPath: m_Materials.Array.data[0]
      value: 
      objectReference: {fileID: 2100000, guid: bb97f6a482c3f445abe0d9daa718b8df, type: 2}
    - target: {fileID: 8727192264064845696, guid: 1ccdf912003b0d04185664640e5d65c3, type: 3}
      propertyPath: m_SelectedEditorRenderState
      value: 2
      objectReference: {fileID: 0}
    m_RemovedComponents: []
  m_SourcePrefab: {fileID: 100100000, guid: 1ccdf912003b0d04185664640e5d65c3, type: 3}
--- !u!1 &7790579051021539582 stripped
GameObject:
  m_CorrespondingSourceObject: {fileID: -7870340566556828049, guid: 1ccdf912003b0d04185664640e5d65c3, type: 3}
  m_PrefabInstance: {fileID: 9141001758182835857}
  m_PrefabAsset: {fileID: 0}
--- !u!1 &4276289734834279587 stripped
GameObject:
  m_CorrespondingSourceObject: {fileID: 5008902674008494642, guid: 1ccdf912003b0d04185664640e5d65c3, type: 3}
  m_PrefabInstance: {fileID: 9141001758182835857}
  m_PrefabAsset: {fileID: 0}
--- !u!1 &5229984629015037799 stripped
GameObject:
  m_CorrespondingSourceObject: {fileID: 3913627962477658614, guid: 1ccdf912003b0d04185664640e5d65c3, type: 3}
  m_PrefabInstance: {fileID: 9141001758182835857}
  m_PrefabAsset: {fileID: 0}
--- !u!1 &6280065618503833336 stripped
GameObject:
  m_CorrespondingSourceObject: {fileID: 3025322473880359017, guid: 1ccdf912003b0d04185664640e5d65c3, type: 3}
  m_PrefabInstance: {fileID: 9141001758182835857}
  m_PrefabAsset: {fileID: 0}
--- !u!1 &8997525423938908627 stripped
GameObject:
  m_CorrespondingSourceObject: {fileID: 146082322840106818, guid: 1ccdf912003b0d04185664640e5d65c3, type: 3}
  m_PrefabInstance: {fileID: 9141001758182835857}
  m_PrefabAsset: {fileID: 0}
--- !u!1 &7459583967269422489 stripped
GameObject:
  m_CorrespondingSourceObject: {fileID: 1828066391228318472, guid: 1ccdf912003b0d04185664640e5d65c3, type: 3}
  m_PrefabInstance: {fileID: 9141001758182835857}
  m_PrefabAsset: {fileID: 0}
--- !u!1 &844202845732204438 stripped
GameObject:
  m_CorrespondingSourceObject: {fileID: -762116962623395577, guid: 1ccdf912003b0d04185664640e5d65c3, type: 3}
  m_PrefabInstance: {fileID: 9141001758182835857}
  m_PrefabAsset: {fileID: 0}
--- !u!1 &2913343093692991383 stripped
GameObject:
  m_CorrespondingSourceObject: {fileID: -2975442629956927226, guid: 1ccdf912003b0d04185664640e5d65c3, type: 3}
  m_PrefabInstance: {fileID: 9141001758182835857}
  m_PrefabAsset: {fileID: 0}
--- !u!1 &2195231035503411235 stripped
GameObject:
  m_CorrespondingSourceObject: {fileID: 6966042040604657330, guid: 1ccdf912003b0d04185664640e5d65c3, type: 3}
  m_PrefabInstance: {fileID: 9141001758182835857}
  m_PrefabAsset: {fileID: 0}
--- !u!1 &518486567612589368 stripped
GameObject:
  m_CorrespondingSourceObject: {fileID: -438726701343988823, guid: 1ccdf912003b0d04185664640e5d65c3, type: 3}
  m_PrefabInstance: {fileID: 9141001758182835857}
  m_PrefabAsset: {fileID: 0}
--- !u!1 &6989561848363090857 stripped
GameObject:
  m_CorrespondingSourceObject: {fileID: -7051311198763252424, guid: 1ccdf912003b0d04185664640e5d65c3, type: 3}
  m_PrefabInstance: {fileID: 9141001758182835857}
  m_PrefabAsset: {fileID: 0}
--- !u!1 &2078447477358545140 stripped
GameObject:
  m_CorrespondingSourceObject: {fileID: -2160746657133179291, guid: 1ccdf912003b0d04185664640e5d65c3, type: 3}
  m_PrefabInstance: {fileID: 9141001758182835857}
  m_PrefabAsset: {fileID: 0}
--- !u!1 &3280719391035161298 stripped
GameObject:
  m_CorrespondingSourceObject: {fileID: 6006720316495592515, guid: 1ccdf912003b0d04185664640e5d65c3, type: 3}
  m_PrefabInstance: {fileID: 9141001758182835857}
  m_PrefabAsset: {fileID: 0}
--- !u!1 &3695519196547783050 stripped
GameObject:
  m_CorrespondingSourceObject: {fileID: -3633767681474453733, guid: 1ccdf912003b0d04185664640e5d65c3, type: 3}
  m_PrefabInstance: {fileID: 9141001758182835857}
  m_PrefabAsset: {fileID: 0}
--- !u!1 &1732493833407881903 stripped
GameObject:
  m_CorrespondingSourceObject: {fileID: -1814861191493622722, guid: 1ccdf912003b0d04185664640e5d65c3, type: 3}
  m_PrefabInstance: {fileID: 9141001758182835857}
  m_PrefabAsset: {fileID: 0}
--- !u!1 &2974980835838434867 stripped
GameObject:
  m_CorrespondingSourceObject: {fileID: 6310138893560387746, guid: 1ccdf912003b0d04185664640e5d65c3, type: 3}
  m_PrefabInstance: {fileID: 9141001758182835857}
  m_PrefabAsset: {fileID: 0}
--- !u!1 &1448654675698417219 stripped
GameObject:
  m_CorrespondingSourceObject: {fileID: -1530665963823564590, guid: 1ccdf912003b0d04185664640e5d65c3, type: 3}
  m_PrefabInstance: {fileID: 9141001758182835857}
  m_PrefabAsset: {fileID: 0}
--- !u!1 &5611444007559193430 stripped
GameObject:
  m_CorrespondingSourceObject: {fileID: 3676210748976719303, guid: 1ccdf912003b0d04185664640e5d65c3, type: 3}
  m_PrefabInstance: {fileID: 9141001758182835857}
  m_PrefabAsset: {fileID: 0}
--- !u!1 &1438931072182913691 stripped
GameObject:
  m_CorrespondingSourceObject: {fileID: 7864200315535985674, guid: 1ccdf912003b0d04185664640e5d65c3, type: 3}
  m_PrefabInstance: {fileID: 9141001758182835857}
  m_PrefabAsset: {fileID: 0}
